@book{wi_srv,
 edition={2}, 
 title={Microsoft Windows 2000 Server},
 publisher={Microsoft Press}, 
 author={Finnel, Lynn}, 
 year={2000}
}
@book{wi_p1, 
 edition={6}, 
 title={Windows Internals, Part 1},
 publisher={Microsoft Press}, 
 author={Russinovich, Mark E. and Solomon, David A. and Ionescu, Alex}, 
 year={2012}
}
@book{wi_p2, 
 edition={6}, 
 title={Windows Internals, Part 2},
 publisher={Microsoft Press}, 
 author={Russinovich, Mark E. and Solomon, David A. and Ionescu, Alex}, 
 year={2012}
}
@book{linux, 
 edition={3}, 
 title={Linux Kernel Development},
 publisher={Addison-Wesley}, 
 author={Love, Robert}, 
 year={2010}
}
@book{BSD, 
 edition={2}, 
 title={Design and Implementation of the FreeBSD Operating System},
 publisher={Addison-Wesley}, 
 author={McCusick, Marshall Kirk and Neville-Neil, George V.},
 year={2015}
}
@site{BSD_ORG,
  title = {A look inside},
  howpublished = {\url{https://www.freebsd.org/doc/en_US.ISO8859-1/articles/linux-emulation/inside.html}},
  note = {Accessed: 2018-04-15}
}
@site{BSD_hybrid,
  title = {Hybrid},
  howpublished = {\url{https://wiki.freebsd.org/Hybrid}},
  note = {Accessed: 2018-04-30}
}
@site{Linux_driver,
  title = {The Linux Kernel Device Model},
  author={Mochel, Patrick},
  howpublished = {https://www.kernel.org/doc/ols/2002/ols2002-pages-368-375.pdf},
  note = {Accessed: 2018-04-30}
}
@site{queue_h,
  title = {queue.h},
  howpublished = {https://github.com/freebsd/freebsd/blob/master/sys/sys/queue.h},
  note = {Accessed: 2018-05-08}
}
@misc{windows-driver-content, 
	title={Singly and Doubly Linked Lists}, 
	url={https://docs.microsoft.com/en-us/windows-hardware/drivers/kernel/singly-and-doubly-linked-	lists}, 
	journal={Microsoft Docs}, 
	author={windows-driver-content}
}
@misc{ntfs,
	title={NTFS Documentation}, 
    url={http://dubeyko.com/development/FileSystems/NTFS/ntfsdoc.pdf}, 
    author={Russon, Richard and Fledel, Yuval}, 
    year={2008}, 
    month={Jun}}
}
@misc{salter, 
	title={Understanding Linux filesystems: ext4 and beyond}, 
    url={https://opensource.com/article/18/4/ext4-filesystem}, 
    journal={Opensource.com}, 
    author={Salter, Jim}
}
@misc{ifs,
	title={NTFS Documentation}, 
    url={http://dubeyko.com/development/FileSystems/NTFS/ntfsdoc.pdf}, 
    author={Russon, Richard and Fledel, Yuval}, year={2008}, month={Jun}
}
@misc{linuxfs, 
 title={Which Linux File System Should You Use?}, 
 url={https://www.howtogeek.com/howto/33552/htg-explains-which-linux-file-system-should-you-choose/}, 
 journal={How-To Geek}, 
 publisher={How-To Geek}, 
 author={Garrison, Justin}, 
 year={2017}, 
 month={Jul}
}
@misc{reiserfreebsd, 
	title={FreeBSD Manual Pages}, 
    url={https://www.freebsd.org/cgi/man.cgi?query=reiserfs&manpath=FreeBSD 8.2-RELEASE&format=html}, 
    journal={About FreeBSD}
}
@misc{reisermurder, 
	title={Remains found in Oakland hills confirmed to be Nina Reiser's}, 
    url={https://www.eastbaytimes.com/2008/07/07/remains-found-in-oakland-hills-confirmed-to-be-nina-reisers/}, 
    journal={East Bay Times}, 
    publisher={East Bay Times}, 
    author={Bender, Kristin and Harris, Harry}, 
    year={2016}, 
    month={Aug}
}
@misc{zfs, 
	title={What Is ZFS?}, 
    url={https://docs.oracle.com/cd/E19253-01/819-5461/zfsover-2/}, 
    journal={oracle}
}
@misc{checksum,
	title={Ext4 Metadata Checksums}, 
	url={https://ext4.wiki.kernel.org/index.php/Ext4_Metadata_Checksums}, 
    journal={Ext4 Disk Layout - Ext4}
}
@misc{Journaling,
	title={UFS Journaling Through GEOM},
	url={https://www.freebsd.org/doc/handbook/geom-gjournal.html}, 
    journal={About FreeBSD}
}
@misc{code1, 
	title={fork.c}, 
    url={https://github.com/freebsd/freebsd/blob/master/lib/libc/sys/fork.c}, 		journal={GitHub}, 
    publisher={The FreeBSD Foundation}, 
    author={Freebsd}
}
@misc{code2, 
	title={sched\_ule.c},
    url={https://github.com/freebsd/freebsd/blob/master/sys/kern/sched_ule.c}, 		journal={GitHub}, 
    publisher={The FreeBSD Foundation}, 
    author={Roberson, Jeffrey}
}
@misc{code3, 
	title={aio\_test.c},
    url={https://github.com/freebsd/freebsd/blob/master/tests/sys/aio/aio_test.c}, 		journal={GitHub}, 
    publisher={The FreeBSD Foundation}, 
    author={Watson, Robert}
}
@misc{code4, 
	title={aio.c}, 
    url={https://github.com/torvalds/linux/blob/master/fs/aio.c}, 
    journal={GitHub}, 
    publisher={Red Hat}, 
    author={LaHaise, Benjamin}
}
@misc{code5, 
	title={queue.h}, 
    url={https://github.com/freebsd/freebsd/blob/master/sys/sys/queue.h}, 			journal={GitHub}, 
    author={The Regents of the University of California}
}
@misc{code6, 
	title={filesystems.c}, 
    url={https://github.com/torvalds/linux/blob/master/fs/filesystems.c}, 
    journal={GitHub}, 
    author={Torvalds, Linus}
}
@misc{code7, 
	title={inode.c}, 
    url={https://github.com/freebsd/freebsd/blob/master/sys/ufs/ufs/inode.h}, 
    journal={GitHub},
    author={The Regents of the University of California}
}
@misc{mountvfs, 
	title={VFS\_MOUNT}, 
    url={https://www.freebsd.org/cgi/man.cgi
    query=VFS_MOUNT&sektion=9&apropos=0&manpath=FreeBSD 11.2-RELEASE and Ports}, 	journal={About FreeBSD}, 
    publisher={The FreeBSD Foundation}
}
@misc{dirent, 
	title={Dirent}, 
    url={https://www.freebsd.org/cgi/man.cgi?			
    query=dirent&apropos=0&sektion=0&manpath=FreeBSD 4.6-RELEASE&format=html}, 
    journal={About FreeBSD}, 
    publisher={The FreeBSD Foundation}
}
@misc{jeff, 
	title={jeffr\_tech}, 
    url={https://jeffr-tech.livejournal.com/12933.html}, 
    journal={jeffr}, 
    author={Roberson, Jeff}, 
    year={2007}, 
    month={Jun}
}